@online{ethereum_dev_2022,
    author = {ethereum.org},
    journal = {Ethereum development documentation},
    title = {Introduction to smart contracts},
    url = {https://ethereum.org/en/developers/docs/smart-contracts/},
    urldate = {2023-04-23},
}

@online{ethereum_2023,
    author = {Ethereum},
    title = {Smart contracts},
    url = {https://ethereum.org/en/smart-contracts/},
    urldate = {2023-04-23},
}

% These generated with the help of ZoteroBib
@inproceedings{eshghie_dynamic_2021,
    address = {Trondheim Norway},
    title = {Dynamic vulnerability detection on smart contracts using machine
             learning},
    isbn = {9781450390538},
    url = {https://dl.acm.org/doi/10.1145/3463274.3463348},
    doi = {10.1145/3463274.3463348},
    language = {en},
    urldate = {2023-04-23},
    booktitle = {Evaluation and {Assessment} in {Software} {Engineering}},
    publisher = {ACM},
    author = {Eshghie, Mojtaba and Artho, Cyrille and Gurov, Dilian},
    month = jun,
    year = {2021},
    pages = {305--312},
}

@article{demertzis_anomaly_2020,
    title = {Anomaly detection via blockchained deep learning smart contracts in
             industry 4.0},
    volume = {32},
    issn = {0941-0643, 1433-3058},
    url = {https://link.springer.com/10.1007/s00521-020-05189-8},
    doi = {10.1007/s00521-020-05189-8},
    language = {en},
    number = {23},
    urldate = {2023-04-23},
    journal = {Neural Computing and Applications},
    author = {Demertzis, Konstantinos and Iliadis, Lazaros and Tziritas, Nikos
              and Kikiras, Panagiotis},
    month = dec,
    year = {2020},
    pages = {17361--17378},
}

@article{gogineni_multi-class_2020,
    title = {Multi-{Class} classification of vulnerabilities in smart contracts
             using {AWD}-{LSTM}, with pre-trained encoder inspired from natural
             language processing},
    volume = {1},
    issn = {2633-1357},
    url = {https://iopscience.iop.org/article/10.1088/2633-1357/abcd29},
    doi = {10.1088/2633-1357/abcd29},
    number = {3},
    urldate = {2023-04-23},
    journal = {IOP SciNotes},
    author = {Gogineni, Ajay K and Swayamjyoti, S and Sahoo, Devadatta and Sahu,
              Kisor K and Kishore, Raj},
    month = dec,
    year = {2020},
    pages = {035002},
}

@article{sun_attention-based_2021,
    title = {Attention-based machine learning model for smart contract
             vulnerability detection},
    volume = {1820},
    issn = {1742-6588, 1742-6596},
    url = {https://iopscience.iop.org/article/10.1088/1742-6596/1820/1/012004},
    doi = {10.1088/1742-6596/1820/1/012004},
    number = {1},
    urldate = {2023-04-23},
    journal = {Journal of Physics: Conference Series},
    author = {Sun, Yuhang and Gu, Lize},
    month = mar,
    year = {2021},
    pages = {012004},
}

@article{kushwaha_systematic_2022,
    title = {Systematic review of security vulnerabilities in ethereum
             blockchain smart contract},
    volume = {10},
    issn = {2169-3536},
    url = {https://ieeexplore.ieee.org/document/9667515/},
    doi = {10.1109/ACCESS.2021.3140091},
    urldate = {2023-04-23},
    journal = {IEEE Access},
    author = {Kushwaha, Satpal Singh and Joshi, Sandeep and Singh, Dilbag and
              Kaur, Manjit and Lee, Heung-No},
    year = {2022},
    pages = {6605--6621},
}

@inproceedings{badruddoja_making_2021,
    address = {Sydney, Australia},
    title = {Making smart contracts smarter},
    isbn = {9781665435789},
    url = {https://ieeexplore.ieee.org/document/9461148/},
    doi = {10.1109/ICBC51069.2021.9461148},
    urldate = {2023-04-23},
    booktitle = {2021 {IEEE} {International} {Conference} on {Blockchain} and {
                 Cryptocurrency} ({ICBC})},
    publisher = {IEEE},
    author = {Badruddoja, Syed and Dantu, Ram and He, Yanyan and Upadhayay,
              Kritagya and Thompson, Mark},
    month = may,
    year = {2021},
    pages = {1--3},
}

@article{zheng_overview_2020,
    title = {An overview on smart contracts: {Challenges}, advances and
             platforms},
    volume = {105},
    issn = {0167739X},
    shorttitle = {An overview on smart contracts},
    url = {https://linkinghub.elsevier.com/retrieve/pii/S0167739X19316280},
    doi = {10.1016/j.future.2019.12.019},
    language = {en},
    urldate = {2023-04-23},
    journal = {Future Generation Computer Systems},
    author = {Zheng, Zibin and Xie, Shaoan and Dai, Hong-Ning and Chen, Weili
              and Chen, Xiangping and Weng, Jian and Imran, Muhammad},
    month = apr,
    year = {2020},
    pages = {475--491},
}

@article{gupta_deep_2022,
    title = {Deep learning-based malicious smart contract detection scheme for
             internet of things environment},
    volume = {97},
    issn = {00457906},
    url = {https://linkinghub.elsevier.com/retrieve/pii/S004579062100519X},
    doi = {10.1016/j.compeleceng.2021.107583},
    language = {en},
    urldate = {2023-04-23},
    journal = {Computers \& Electrical Engineering},
    author = {Gupta, Rajesh and Patel, Mohil Maheshkumar and Shukla, Arpit and
              Tanwar, Sudeep},
    month = jan,
    year = {2022},
    pages = {107583},
}

@inproceedings{momeni_machine_2019,
    address = {Fredericton, NB, Canada},
    title = {Machine learning model for smart contracts security analysis},
    isbn = {9781728132655},
    url = {https://ieeexplore.ieee.org/document/8949045/},
    doi = {10.1109/PST47121.2019.8949045},
    urldate = {2023-04-23},
    booktitle = {2019 17th {International} {Conference} on {Privacy}, {Security}
                 and {Trust} ({PST})},
    publisher = {IEEE},
    author = {Momeni, Pouyan and Wang, Yu and Samavi, Reza},
    month = aug,
    year = {2019},
    pages = {1--6},
}

@inproceedings{shakya_smartmixmodel_2022,
    address = {Espoo, Finland},
    title = {Smartmixmodel: machine learning-based vulnerability detection of
             solidity smart contracts},
    isbn = {9781665461047},
    shorttitle = {Smartmixmodel},
    url = {https://ieeexplore.ieee.org/document/9881798/},
    doi = {10.1109/Blockchain55522.2022.00016},
    urldate = {2023-04-23},
    booktitle = {2022 {IEEE} {International} {Conference} on {Blockchain} ({
                 Blockchain})},
    publisher = {IEEE},
    author = {Shakya, Supriya and Mukherjee, Arnab and Halder, Raju and Maiti,
              Abyayananda and Chaturvedi, Amrita},
    month = aug,
    year = {2022},
    pages = {37--44},
}
